@ARTICLE{baars,
  author = {{Baars}, J.~W.~M. and {Hartsuijker}, A.~P.},
  title = {The Decrease of Flux Density of Cassiopeia A and the Absolute Spectra of Cassiopeia A, Cygnus A and Taurus A},
  journal = {Astronomy \& Astrophysics},
  date = {1972-03},
  volume = {17},
  pages = {172},
  keywords = {radio, Dwingeloo telescope},
  url={https://ui.adsabs.harvard.edu/abs/1972A%26A....17..172B/abstract},
}

@article{macias,
  title={Global Spectral Energy Distribution of the Crab Nebula in the Prospect of the Planck Satellite Polarization Calibration},
  author={Macias-Perez, Juan Francisco and Mayet, F and Aumont, J and Désert, F-X},
  journal={The Astrophysical Journal},
  volume={711},
  number={1},
  pages={417},
  year={2010},
  publisher={IOP Publishing},
  keywords={radio, WMAP, Archeops, other}
}

@article{mezger,
  title={Maps of Cassiopeia A and the Crab Nebula at lambda 1.2 mm},
  author={Mezger, PG and Tuffs, RJ and Chini, R and Kreysa, E and Gemuend, H-P},
  journal={Astronomy \& Astrophysics},
  volume={167},
  pages={145--150},
  year={1986},
  url={http://articles.adsabs.harvard.edu/pdf/1986A%26A...167..145M},
  keywords={mm, IRTF, UH, Mauna Kea},
}

@article{bandiera,
	author = {{Bandiera, R.} and {Neri, R.} and {Cesaroni, R.}},
	title = {The Crab Nebula at 1.3 mm - Evidence for a new synchrotron component},
	DOI= {10.1051/0004-6361:20020325},
	journal = {Astronomy \& Astrophysics},
	year = 2002,
	volume = 386,
	number = 3,
	pages = "1044-1054",
}


@article{green,
  title={Far-infrared and submillimetre observations of the Crab nebula},
  author={Green, David A and Tuffs, RJ and Popescu, CC},
  journal={Monthly Notices of the Royal Astronomical Society},
  volume={355},
  number={4},
  pages={1315--1326},
  year={2004},
  publisher={Blackwell Science Ltd},
  keywords={FIR, submm, ISO, SCUBA},
}

@article{temim,
  title={Spitzer space telescope infrared imaging and spectroscopy of the Crab Nebula},
  author={Temim, Tea and Gehrz, Robert D and Woodward, Charles E and Roellig, Thomas L and Smith, Nathan and Rudnick, Lawrence and Polomski, Elisha F and Davidson, Kris and Yuen, Lunming and Onaka, Takashi},
  journal={The Astronomical Journal},
  volume={132},
  number={4},
  pages={1610},
  year={2006},
  publisher={IOP Publishing},
  keywords={IR, Spitzer},
}

@article{veron,
  title={Spectrophotometry of the continuum in the Crab Nebula},
  author={Veron-Cetty, MP and Woltjer, L},
  journal={Astronomy and Astrophysics},
  volume={270},
  pages={370--378},
  year={1993},
  url={https://ui.adsabs.harvard.edu/abs/1993A%26A...270..370V/abstract},
  keywords={Optical},
}

@article{kirshner,
  title={Spectrophotometry of the Crab Nebula},
  author={Kirshner, Robert P},
  journal={The Astrophysical Journal},
  volume={194},
  pages={323--328},
  year={1974},
  doi={10.1086/153248},
}

@article{hennessy,
  title={Ultraviolet imaging telescope observations of the Crab nebula},
  author={Hennessy, Gregory S and O'Connell, Robert W and Cheng, Kwang P and Bohlin, Ralph C and Collins, Nicholas R and Gull, Theodore R and Hintzen, Paul and Isensee, Joan E and Landsman, Wayne B and Roberts, Morton S and others},
  journal={The Astrophysical Journal},
  volume={395},
  pages={L13--L16},
  year={1992},
  doi={10.1086/186477},
}

@inproceedings{xmm,
  title={Crab: the standard X-ray candle with all (modern) X-ray satellites},
  author={Kirsch, Marcus GF and Briel, UG and Burrows, D and Campana, S and Cusumano, G and Ebisawa, K and Freyberg, MJ and Guainazzi, M and Haberl, F and Jahoda, K and others},
  booktitle={Proceedings, UV, X-Ray, and Gamma-Ray Space Instrumentation for Astronomy XIV},
  volume={5898},
  pages={589803},
  year={2005},
  organization={International Society for Optics and Photonics},
  doi={10.1117/12.616893},
  keywords={X-ray, XMM-Newton},
}

@article{spi,
  title={The high-energy emission of the Crab Nebula from 20 keV TO 6 MeV with integral SPI},
  author={Jourdain, E and Roques, JP},
  journal={The Astrophysical Journal},
  volume={704},
  number={1},
  pages={17},
  year={2009},
  publisher={IOP Publishing},
  doi={10.1088/0004-637X/704/1/17},
  keywords={X-ray, Gamma, SPI, Integral}
}

@article{comptel,
  title={The Crab pulsar in the 0.75-30 MeV range as seen by CGRO COMPTEL-A coherent high-energy picture from soft X-rays up to high-energy $\gamma$-rays},
  author={Kuiper, L and Hermsen, W and Cusumano, G and Diehl, R and Sch{\"o}nfelder, V and Strong, A and Bennett, K and McConnell, Mark L},
  journal={Astronomy \& Astrophysics},
  volume={378},
  number={3},
  pages={918--935},
  year={2001},
  publisher={EDP Sciences},
  doi={10.1051/0004-6361:20011256},
  keywords={X-ray, Gamma, COMPTEL},
}

@article{fermi33months,
  title={Gamma-Ray Activity in the Crab Nebula: the Exceptional Flare of April 2011},
  volume={749},
  doi={10.1088/0004-637x/749/1/26},
  number={1},
  journal={The Astrophysical Journal},
  publisher={IOP Publishing},
  author={Buehler, R. and Scargle, J. D. and Blandford, R. D. and Baldini, L. and Baring, M. G. and Belfiore, A. and Charles, E. and Chiang, J. and D’Ammando, F. and Dermer, C. D. and et al.},
  year={2012},
  month={3},
  pages={26},
  eprint={1112.1979},
  archivePrefix={arXiv},
  primaryClass={astro-ph.HE},
  keywords={Gamma, Fermi},
}


@article{hess,
  title={Observations of the Crab nebula with HESS},
  author={Aharonian, Felix and Akhperjanian, AG and Bazer-Bachi, AR and Beilicke, M and Benbow, Wystan and Berge, David and Bernl{\"o}hr, K and Boisson, C and Bolz, Oliver and Borrel, V and others},
  journal={Astronomy \& Astrophysics},
  volume={457},
  number={3},
  pages={899--915},
  year={2006},
  publisher={EDP Sciences},
  keywords={Gamma, VHE, HESS},
  doi={10.1051/0004-6361:20065351},
}

@article{hegra,
  title={The Crab nebula and pulsar between 500 GeV and 80 TeV: observations with the HEGRA stereoscopic air Cerenkov telescopes},
  author={Aharonian, F and Akhperjanian, A and Beilicke, M and Bernl{\"o}hr, K and B{\"o}rst, H-G and Bojahr, H and Bolz, O and Coarasa, T and Contreras, JL and Cortina, J and others},
  journal={The Astrophysical Journal},
  volume={614},
  number={2},
  pages={897},
  year={2004},
  publisher={IOP Publishing},
	doi = {10.1086/423931},
  keywords = {Gamma, VHE, HEGRA},
}

@article{magic,
	title={VHE $\gamma$‐Ray Observation of the Crab Nebula and its Pulsar with the MAGIC Telescope},
	volume={674},
	doi={10.1086/525270},
	number={2},
	journal={The Astrophysical Journal},
	publisher={IOP Publishing},
	author={Albert, J. and Aliu, E. and Anderhub, H. and Antoranz, P. and Armada, A. and Baixeras, C. and Barrio, J. A. and Bartko, H. and Bastieri, D. and Becker, J. K. and et al.},
	year={2008},
	month={2},
	pages={1037–1055},
	eprint={0705.3244},
	archivePrefix={arXiv},
	primaryClass={astro-ph},
  keywords = {Gamma, VHE, MAGIC},
}

@online{gammapy-crab,
  title={Multiwavelength observation of the Crab Nebula},
  author={{Gammapy Developers}},
  url={https://github.com/gammapy/gammapy-extra/blob/master/datasets/tests/unbundled/tev_spectra/crab_mwl.fits.g://github.com/gammapy/gammapy-extra/blob/23bc4946ca/datasets/tests/unbundled/tev_spectra/crab_mwl.fits.gz},
  urldate={2019-12-12},
}
