@TECHREPORT{corsika,
  author = {Heck, D. and Schatz, G. and Thouw, T. and Knapp, J. and Capdevielle,
  J. N.},
  title = {CORSIKA: A Monte Carlo Code to Simulate Extensive Air Showers},
  institution = {Forschungszentrum Karlsruhe},
  number = {FZKA 6019},
  year = {1998},
}

@manual{corsika_manual_769,
  title={Extensive Air Shower Simulation with CORSIKA: A User’s Guide},
  subtitle={Version 7.6900 from January 17, 2019},
  author={Heck, Dieter and Pierog, Tanguy},
  year={2019},
  url={www.ikp.kit.edu/corsika/70.php},
  note={Only the most recent version of the documentation can be accessed without password.},
}


@ONLINE{slurm,
  title = {SLURM Workload Manager},
  url = {https://slurm.schedmd.com/overview.html},
  urldate = {2019-07-01},
  year={2019},
}

@SOFTWARE{mopro3,
  author={Nöthe, Maximilian},
  title={mopro3},
  subtitle={Large Scale FACT Monte Carlo Production},
  url={https://github.com/fact-project/mopro3},
  year={2019},
  version={v3.0.0},
}

@INPROCEEDINGS{fits,
  title={FITS – a flexible image transport system},
  author={Wells, Donald Carson and Greisen, Eric W},
  booktitle={Image Processing in Astronomy},
  pages={445},
  year={1979},
}

@manual{fits4.0,
  title={Definition of the Flexible Image Transport System(FITS)},
  subtitle={Version 4.0},
  date={2016-07-22},
  author={{FITS Working Group}},
  url={https://fits.gsfc.nasa.gov/fits_standard.html},
}

@ONLINE{fact++,
  author={Bretz, Thomas},
  title={FACT++ source code repository},
  url={https://trac.fact-project.org/browser/trunk/FACT%2B%2B?rev=19559},
  date={2019-07-06},
}

@article{zfits,
  title={Data compression for the first G-APD Cherenkov Telescope},
  author={Ahnen, Max L and Balbo, M and Bergmann, M and Biland, A and Bretz, Thomas and Bu{\ss}, J and Dorner, D and Einecke, S and Freiwald, J and Hempfling, C and others},
  journal={Astronomy and Computing},
  volume={12},
  pages={191--199},
  date={2015-07},
  publisher={Elsevier},
  doi={10.1016/j.ascom.2015.06.007},
  eprinttype={arxiv},
  eprint={1506.06045},
  eprintclass={astro-ph.IM},
}

@article{fact-design-operation,
  author = {Anderhub, H and Backes, M and Biland, A. and Boccone, V. and Braun,
  I. and Bretz, T. and Buß, J. and Cadoux, F. and Commichau, V. and
  Djambazov, L. and Dorner, D. and Einecke, S. and Eisenacher, D. and
  Gendotti, A. and Grimm, O. and von Gunten, H. and Haller, C. and
  Hildebrand, D and Horisberger, U and Huber, B and Kim, K S and Knoetig,
  M L and Köhne, J H and Krähenbühl, T and Krumm, B and Lee, M and
  Lorenz, E and Lustermann, W and Lyard, E and Mannheim, K and Meharga,
  M and Meier, K and Montaruli, T and Neise, D and Nessi-Tedaldi, F
  and Overkemping, A K and Paravac, A and Pauss, F and Renker, D and
  Rhode, W and Ribordy, M and Röser, U and Stucki, J P and Schneider,
  J and Steinbring, T and Temme, F and Thaele, J and Tobler, S and
  Viertel, G and Vogler, P and Walter, R and Warda, K and Weitzel,
  Q and Zänglein, M},
  usera={FACT},
  title = {Design and operation of FACT – the first G-APD Cherenkov telescope},
  journal = {Journal of Instrumentation},
  date = {2013-06},
  volume = {8},
  number = {06},
  doi = {10.1088/1748-0221/8/06/p06008},
  eprint = {1304.1710},
  eprintclass = {astro-ph.IM},
  eprinttype = {arxiv},
}

@ARTICLE{fact-sipm-performance,
  author = {A. Biland and T. Bretz and J. Buß and V. Commichau and L. Djambazov
    and D. Dorner and S. Einecke and D Eisenacher and J Freiwald and
    O Grimm and H von Gunten and C Haller and C Hempfling and D Hildebrand
    and G Hughes and U Horisberger and M L Knoetig and T Krähenbühl and
    W Lustermann and E Lyard and K Mannheim and K Meier and S Mueller
    and D Neise and A -K Overkemping and A Paravac and F Pauss and W
    Rhode and U Röser and J -P Stucki and T Steinbring and F Temme and
    J Thaele and P Vogler and R Walter and Q Weitzel
  },
  usera = {FACT},
  title = {Calibration and performance of the photon sensor response of FACT — the first G-APD Cherenkov telescope},
  journal = {Journal of Instrumentation},
  date = {2014-06},
  volume = {9},
  number = {10},
  doi = {10.1088/1748-0221/9/10/P10012},
  eprint = {1403.5747},
  eprinttype = {arxiv},
  eprintclass = {astro-ph.IM},
}

@article{davies-cotton,
  title={Design of the quartermaster solar furnace},
  author={Davies, John M. and Cotton, Eugene S.},
  journal={Solar Energy},
  volume={1},
  number={2-3},
  pages={16--22},
  year={1957},
  publisher={Elsevier},
  langid={english},
  doi={10.1016/0038-092X(57)90116-0},
  note={No open access available},
}

@article{mirror-alignment,
  title = {Normalized and Asynchronous Mirror Alignment for Cherenkov Telescopes},
  author = {Ahnen, Max L and Baack, D and Balbo, M and Bergmann, M and Biland, Adrian and Blank, M and Bretz, T and Brügge, KA and Buss, J and Domke, M and others},
  journal = {Astroparticle Physics},
  volume = {82},
  pages = {56--65},
  year = {2016},
  publisher = {Elsevier},
  doi = {10.1016/j.astropartphys.2016.05.005},
  eprint = {1605.06274v1},
  eprinttype = {arxiv},
  eprintclass = {astro-ph.IM},
}


@techreport{mmcs,
  title={Mmcs from CORSIKA 6.014},
  author={Dorota Sobczyńska},
  date={2002-07-30},
  note={Internal MAGIC document},
  number={TDAS 02-10},
  institution={MAGIC},
}


@techreport{kascade,
  title={The Karlsruhe Cosmic Ray Project KASCADE},
  author={Doll, P and others},
  date={1990-06},
  institution={Kernforschungszentrum Karlsruhe},
  number={KfK4686},
}


@article{iactatmo,
  title={Simulation of imaging atmospheric Cherenkov telescopes with CORSIKA and sim\_telarray},
  author={Bernlöhr, Konrad},
  journal={Astroparticle Physics},
  volume={30},
  number={3},
  pages={149--158},
  year={2008},
  publisher={Elsevier},
  doi={10.1016/j.astropartphys.2008.07.009},
  eprint={0808.2253},
  eprinttype={arxiv},
  eprintclass={astro-ph},
}

@article{corsika8,
  title={Towards A Next Generation of CORSIKA: A Framework for the Simulation of Particle Cascades in Astroparticle Physics},
  author={Engel, Ralph and Heck, Dieter and Huege, Tim and Pierog, Tanguy and Reininghaus, Maximilian and Riehn, Felix and Ulrich, Ralf and Unger, Michael and Veberi{\v{c}}, Darko},
  journal={Computing and Software for Big Science},
  volume={3},
  number={1},
  pages={2},
  year={2019},
  publisher={Springer}
}


@article{model_comp_auger,
  title={Model dependence of lateral distribution functions of high energy cosmic ray air showers},
  volume={21},
  DOI={10.1016/j.astropartphys.2003.10.007},
  number={1},
  journal={Astroparticle Physics},
  publisher={Elsevier BV},
  author={Drescher, Hans-Joachim and Bleicher, Marcus and Soff, Sven and Stöcker, Horst},
  date={2004-04},
  pages={87–94},
  eprint={astro-ph/0307453},
  eprinttype={arxiv},
}

@manual{eventio,
  title={eventio},
  subtitle={a machine-independent hierarchical data format and its programming interface},
  author={Bernlöhr, Konrad},
  date={2014-07-17},
  url={https://www.mpi-hd.mpg.de/hfm/~bernlohr/sim_telarray/Documentation/eventio_en.pdf},
}


@online{fluka-license,
  url={http://www.fluka.org/fluka.php?id=license},
  urldate={2019-11-05},
  title={FLUKA User License},
  author={{FLUKA Team}},
  year={2017},
}

@techreport{fluka,
  title={FLUKA: a multi-particle transport code},
  author={Fasso, Alberto and Ferrari, Alfredo and Ranft, Johannes and Sala, Paola R},
  year={2005},
  doi={10.2172/877507},
  number={R-773},
  institution={SLAC},
}

@phdthesis{phd-bockermann,
  title={Mining big data streams for multiple concepts},
  doi={10.17877/DE290R-16437},
  author={Bockermann, Christian},
  institution={TU Dortmund},
  year={2015},
}

@phdthesis{phd-temme,
  title={On the hunt for photons: analysis of Crab Nebula data obtained by the first G-APD Cherenkov telescope},
  doi={10.17877/DE290R-17773},
  author={Temme, Thomas Fabian},
  institution={TU Dortmund},
  year={2016},
}

@article{urqmd,
  title={Microscopic models for ultrarelativistic heavy ion collisions},
  volume={41},
  DOI={10.1016/s0146-6410(98)00058-1},
  journal={Progress in Particle and Nuclear Physics},
  publisher={Elsevier BV},
  author={Bass, S},
  year={1998},
  pages={255–369},
  eprint={nucl-th/9803035},
  eprinttype={arxiv},
}

@article{hess_deep_learning,
  title={Application of deep learning methods to analysis of imaging atmospheric Cherenkov telescopes data},
  author={Shilon, Idan and Kraus, Manuel and Büchele, Matthias and Egberts, Kathrin and Fischer, Tobias and Holch, Tim Lukas and Lohse, Thomas and Schwanke, Ullrich and Steppa, Constantin and Funk, Stefan},
  journal={Astroparticle Physics},
  volume={105},
  pages={44--53},
  year={2019},
  publisher={Elsevier},
  doi={10.1016/j.astropartphys.2018.10.003},
  eprint={1803.10698},
  eprinttype={arXiv},
  eprintclass={astro-ph.IM}
}


@inproceedings{cta_index_dnn,
  title={Studying deep convolutional neural networks with hexagonal lattices for imaging atmospheric Cherenkov telescope event reconstruction},
  author={Nieto, D and Brill, A and Feng, Q and Jacquemont, M and Kim, B and Miener, T and Vuillaume, T},
  booktitle={Proceedings, 36th International Cosmic Ray Conference},
  year={2019},
  location={Madison, USA},
}


@software{aict-tools,
  author = {Nöthe, Maximilian and Brügge, Kai Arno and Buß, Jens Björn},
  title = {aict-tools},
  subtitle = {Reproducible Artificial Intelligence for Cherenkov Telescopes},
  doi = {10.5281/zenodo.3338081},
  url = {https://github.com/fact-project/aict-tools},
  version={v0.20.0},
  year = {2019},
}

@software{fact-tools,
  author = {
    Brügge, Kai Arno and
    Nöthe, Maximilian and
    Buß, Jens and
    Temme, T. Fabian and
    Bulinski, Michael and
    Mueller, Sebastian A. and
    Bockermann, Christian and
    Linhoff, Lena and
    Freiwald, Jan and
    Neise, Dominik and
    Baack, Dominik and
    Hildebrandt, Hendrik and
    Gray, Katie and
    Ahnen, Max L. and
    Egorov, Alexey and
    Schenetten, Kai and
    Wulf, Niklas
  },
  title = {FACT-Tools},
  year = 2019,
  version = {v1.1.3},
  doi = {10.5281/zenodo.3529353},
  url = {https://github.com/fact-project/fact-tools}
}


@article{scikit-learn,
 title={Scikit-learn: Machine Learning in {P}ython},
 author={Pedregosa, F. and Varoquaux, G. and Gramfort, A. and Michel, V.
         and Thirion, B. and Grisel, O. and Blondel, M. and Prettenhofer, P.
         and Weiss, R. and Dubourg, V. and Vanderplas, J. and Passos, A. and
         Cournapeau, D. and Brucher, M. and Perrot, M. and Duchesnay, E.},
 journal={Journal of Machine Learning Research},
 volume={12},
 pages={2825--2830},
 year={2011}
}


@book{cart,
  title={Classification and Regression Trees},
  author={Breiman, L and Friedman, JH and Olshen, R and Stone, CJ},
  year={1984},
  publisher={Chapman \& Hall/CRC},
}

@article{trees_np,
  title={Constructing optimal binary decision trees is NP-complete},
  author={Laurent, Hyafil and Rivest, Ronald L},
  journal={Information processing letters},
  volume={5},
  number={1},
  pages={15--17},
  year={1976}
}

@article{bagging,
  title={Bagging predictors},
  author={Breiman, Leo},
  journal={Machine learning},
  volume={24},
  number={2},
  pages={123--140},
  year={1996},
  publisher={Springer},
  doi={10.1023/A:1018054314350},
}

@article{randomforest,
  title={Random forests},
  author={Breiman, Leo},
  journal={Machine learning},
  volume={45},
  number={1},
  pages={5--32},
  year={2001},
  publisher={Springer},
  doi={10.1023/A:1010933404324},
}

@book{hasties,
  title={The Elements of Statistical Learning},
  subtitle={Data mining, Inference and Prediction},
  author={Hastie, Trevor and Tibshirani, Robert and Friedman, Jerome},
  year={2009},
  edition={2},
  publisher={Springer},
  doi={10.1007/b94608},
  isbn={978-0-387-84857-0},
}


@manual{yaml,
  title={YAML Ain’t Markup Language (YAML™) Version 1.2},
  author={Ben-Kiki, Oren and Ecans, Clark and döt Net, Ingy},
  date={2009-10-01},
  edition={3},
}

@inproceedings{rapidminer,
  title={Yale: Rapid prototyping for complex data mining tasks},
  author={Mierswa, Ingo and Wurst, Michael and Klinkenberg, Ralf and Scholz, Martin and Euler, Timm},
  booktitle={Proceedings, 12th ACM SIGKDD international conference on Knowledge discovery and data mining},
  pages={935--940},
  year={2006},
  organization={ACM}
}


@software{joblib,
  title={joblib},
  url={https://joblib.readthedocs.io},
  author={Varoquaux, Gael and Grisel, Olivier and others}
}

@software{pmml_43,
  title={Predictive Model Markup Language},
  author={{Data Mining Group}},
  version={4.3},
}

@article{pmml,
  title={PMML: An open standard for sharing models},
  author={Guazzelli, Alex and Zeller, Michael and Lin, Wen-Ching and Williams, Graham and others},
  journal={The R Journal},
  volume={1},
  number={1},
  pages={60--65},
  year={2009},
  doi={10.32614/RJ-2009-010},
}

@software{onnx,
  title={Open Neural Network Exchange Format},
  url={github.com/onnx/onnx},
}

@article{disp,
   title={A new analysis method for reconstructing the arrival direction of TeV gamma rays using a single imaging atmospheric Cherenkov telescope},
   author={Lessard, R. W. and Buckley, J. H. and Connaughton, V. and Le Bohec, S.},
   journal={Astroparticle Physics},
   publisher={Elsevier BV},
   volume={15},
   number={1},
   doi={10.1016/s0927-6505(00)00133-x},
   date={2001-03},
   pages={1--18}
}

@inproceedings{magic-disp,
  author = {Domingo-Santamaria, E. and Flix Molina, Jose and Scalzotto, V. and Wittek, W. and Rico, J.},
  title = {The DISP analysis method for point-like or extended gamma source searches / studies with the MAGIC telescope},
  booktitle = {Proceedings, 29th International Cosmic Ray Conference},
  location = {Puna, India},
  usera  = {MAGIC},
  year = 2005,
  eprint={astro-ph/0508274},
  archivePrefix={arXiv},
  primaryClass={astro-ph},
}

@techreport{magic-disp-rf,
  title={Improvement of the $\theta^2$ analysis by using the Random Forest method in the DISP estimation},
  author={Saito, T. Y. and Sitarek, Julian},
  number={TDAS 09-01},
  date={2009-05-19},
  institution={MAGIC},
  note={Internal MAGIC document},
  url={https://magic.mpp.mpg.de/backend/document/file/94b83267ad0bc8d7e59990951a5da57bdd0113f0},
}

@inproceedings{streaming_adass,
  title={Real Time Streaming Analysis of IACT Data},
  author={Brügge, Kai A. and Buß, Jens and others},
  booktitle={Proceedings, Astronomical Data Analysis Software and Systems XXVI},
  volume={521},
  pages={335},
  year={2016}
}

@article{roc,
  title={An introduction to ROC analysis},
  author={Fawcett, Tom},
  journal={Pattern recognition letters},
  volume={27},
  number={8},
  pages={861--874},
  year={2006},
  publisher={Elsevier},
  doi={10.1016/j.patrec.2005.10.010},
}

@online{confusion-matrix,
  title={Precision and recall},
  url={https://commons.wikimedia.org/wiki/File:Precisionrecall.svg},
  urldate={2019-07-11},
  year={2014},
}

@misc{yale_bright_star,
  title={The Bright Star Catalog, 5th Revised Edition},
  author={Hoffleit, D and Warren Jr, WH},
  journal={Astronomical Data Center, NSSDC/ADC},
  year={1991},
  url={http://cdsarc.u-strasbg.fr/viz-bin/Cat?V/50},
}

@online{fact-followup,
  author={Biland, Adrian},
  usera={FACT},
  title={Upper limit on TeV emission from Fermi J0139.5+2928 measured with FACT},
  date={2019-06-26},
  number={ATel 12891},
  url={http://www.astronomerstelegram.org/?read=12891},
}

@inproceedings{hillas,
  title={Cerenkov light images of EAS produced by primary gamma},
  author={Hillas, A Michael},
  booktitle={Proceedings, 19th International Cosmic Ray Conference},
  volume={3},
  year={1985}
}


@inproceedings{fact_full_moon,
  author= {Knoetig, Max Ludwig and others},
  title= {FACT - Long-term stability and observations during strong Moon light},
  booktitle = {Proceedings, 33rd International Cosmic Ray Conference},
  usera  = {FACT},
  url = {http://www.cbpf.br/%7Eicrc2013/papers/icrc2013-0695.pdf},
  location = {Rio de Janeiro},
  year = {2013},
  pages = {0695},
  eprint = {1307.6116},
  archivePrefix = {arXiv},
  primaryClass = {astro-ph.IM},
  number = {695},
}

@inproceedings{fact_alerts,
  author={Dorner, Daniela and others},
  usera={FACT},
  title={FACT – Highlights from more than Seven Years of Unbiased Monitoring at TeV Energies},
  year={2019},
  number={665},
  booktitle={Proceedings, 36th International Cosmic Ray Conference},
  location={Madison, USAa},
  url={https://pos.sissa.it/358/665},
}

@manual{drs4_datasheet,
  title  = {DRS4 datasheet rev. 0.9},
  author = {Ritt, S.},
  date   = {2008-11-28},
  url    = {https://www.psi.ch/drs/DocumentationEN/DRS4_rev09.pdf},
  langid={english},
}

@article{drs4,
  title={Application of the DRS chip for fast waveform digitizing},
  author={Ritt, Stefan and Dinapoli, Roberto and Hartmann, Ueli},
  journal={Nuclear Instruments and Methods in Physics Research Section A: Accelerators, Spectrometers, Detectors and Associated Equipment},
  volume={623},
  number={1},
  pages={486--488},
  year={2010},
  publisher={Elsevier}
}

@article{magic-drs4,
  title={Analysis techniques and performance of the Domino Ring Sampler version 4 based readout for the MAGIC telescopes},
  volume={723},
  DOI={10.1016/j.nima.2013.05.014},
  journal={Nuclear Instruments and Methods in Physics Research Section A: Accelerators, Spectrometers, Detectors and Associated Equipment},
  publisher={Elsevier BV},
  author={Sitarek, Julian and Gaug, Markus and Mazin, Daniel and Paoletti, Riccardo and Tescaro, Diego},
  year={2013},
  month={10},
  pages={109–120},
  eprint={1305.1007},
  archivePrefix={arXiv},
  primaryClass={astro-ph.IM},
}


@online{icecube-hese,
  title={AMON IceCube HESE Event Information},
  url={https://gcn.gsfc.nasa.gov/amon_hese_events.html},
  urldate={2019-11-18},
  year={2019},
}

@inproceedings{ogadf-proceeding,
  title={Open high-level data formats and software for gamma-ray astronomy},
  DOI={10.1063/1.4969003},
  author={Deil, Christoph and Boisson, Catherine and Kosack, Karl and Perkins, Jeremy and King, Johannes and Eger, Peter and Mayer, Michael and Wood, Matthew and Zabalza, Victor and Knödlseder, Jürgen and et al.},
  year={2016},
  eprint={1610.01884},
  archivePrefix={arXiv},
  primaryClass={astro-ph.IM},
  booktitle={Proceedings, 6th International Meeting on High Energy Gamma-Ray Astronomy},
}


@manual{ogadf,
  title = {Data formats for gamma-ray astronomy - version 0.2},
  author = {
    Deil, Christoph and
    Wood, Matthew and
    Hassan, Tarek and
    Boisson, Catherine and
    Contreras, Jose Luis and
    Knödlseder, Jürgen and
    Khelifi, Bruno and
    King, Johannes and
    Mohrmann, Lars
  },
  month = 9,
  year = 2018,
  doi = {10.5281/zenodo.1409831},
  url = {https://gamma-astro-data-formats.readthedocs.io/en/latest},
}

@online{lido3,
  title={Linux-HPC-Cluster an der TU Dortmund},
  url={https://www.lido.tu-dortmund.de/cms/de/LiDO3/index.html},
  author={{ITMC}},
  urldate={2019-11-19},
  year=2018,
}

@article{lima,
  title={Analysis methods for results in gamma-ray astronomy},
  author={Li, Ti-Pei and Ma, Yu-Qian},
  journal={The Astrophysical Journal},
  volume={272},
  pages={317--324},
  year={1983},
  doi={10.1086/161295},
}

@software{erna,
  title={ERNA: Easy RuN Access},
  subtitle={A collection of tools to handle FACT data and to execute jobs on SLURM/SGE/TORQUE clusters.},
  author={Nöthe, Maximilian and Buss, Jens and Brügge, Kai Arno and Bulinski, Michael and Linhoff, Lena},
  version={0.10.0},
  url={https://github.com/fact-project/erna},
}

@inproceedings{icrc-performance,
  title={FACT -- Performance of the First Cherenkov Telescope Observing with SiPMs},
  author={Nöthe, Maximilian and Adam, J and Ahnen, Max Ludwig and Baack, D and Balbo, Matteo and Biland, Adrian and Blank, M and Bretz, Thomas and Bruegge, K and Buss, Jens and others},
  usera={FACT},
  booktitle={Proceedings, 35th International Cosmic Ray Conference},
  year={2017},
  location={Busan, Republic of Korea},
  doi={10.22323/1.301.0791},
}

@online{fact-open-data,
  title={FACT Open Data},
  usera={FACT},
  url={https://fact-project.org/data/},
  year={2017},
  urldate={2019-11-06},
}

@software{open-data-analysis,
  author={Nöthe, Maximilian and Brügge, Kai Arno},
  title={FACT Open Crab Sample Analysis},
  url={https://github.com/fact-project/open_crab_sample_analysis},
}

@article{open-crab,
  title={Towards open and reproducible multi-instrument analysis in gamma-ray astronomy},
  author={Nigro, C and Deil, C and Zanin, R and Hassan, T and King, J and Ruiz, Jos{\'e} Enrique and Saha, L and Terrier, R and Br{\"u}gge, K and N{\"o}the, M and others},
  journal={Astronomy \& Astrophysics},
  volume={625},
  pages={A10},
  year={2019},
  publisher={EDP Sciences}
}


@article{cr-database,
  title={A database of charged cosmic rays},
  author={Maurin, D and Melot, F and Taillet, Richard},
  journal={Astronomy \& Astrophysics},
  volume={569},
  number={A32},
  year={2014},
  publisher={EDP Sciences},
  doi={10.1051/0004-6361/201321344},
}


@ONLINE{hegra-fire,
  title={Fire Damages Gamma-Ray Observatory},
  publisher={Science Magazine},
  url={https://www.sciencemag.org/news/1997/10/fire-damages-gamma-ray-observatory},
  date={1997-10-24},
  urldate={2019-11-25},
}

@techreport{dim,
  title={DIM},
  subtitle={A Distributed Information Management System for the DELPHI experiment at CERN},
  author={Gaspar, C and Dönszelmann, M},
  year={1994},
  institution={CERN},
}

@article{pdg,
  title = {Review of Particle Physics},
  author = {Tanabashi, M. and others},
  usera = {Particle Data Group},
  journal = {Phys. Rev. D},
  volume = {98},
  issue = {3},
  pages = {030001},
  year = {2018},
  month = {6},
  publisher = {American Physical Society},
  doi = {10.1103/PhysRevD.98.030001},
}


@article{magic-crab,
  title={Measurement of the Crab Nebula spectrum over three decades in energy with the MAGIC telescopes},
  author={Aleksić, Jelena and others},
  usera={MAGIC},
  journal={Journal of High Energy Astrophysics},
  volume={5},
  pages={30--38},
  year={2015},
  publisher={Elsevier},
  doi={10.1016/j.jheap.2015.01.002},
  eprint={1406.6892},
  archivePrefix={arXiv},
  primaryClass={astro-ph.HE}
}

@software{telegram,
  title={Telegram Messenger APIs},
  url={https://core.telegram.org/},
  urldate={2019-11-28},
}

@online{twilio,
  title={Twilio - Communication APIs for SMS, Voice, Video and Authentication},
  url={https://twilio.com},
  year={2019},
  urldate={2019-11-28},
}

@article{magic-performance,
  title={The major upgrade of the MAGIC telescopes, Part II: A performance study using observations of the Crab Nebula},
  volume={72},
  DOI={10.1016/j.astropartphys.2015.02.005},
  journal={Astroparticle Physics},
  publisher={Elsevier},
  author={Aleksić, J. and Ansoldi, S. and Antonelli, L.A. and Antoranz, P. and Babic, A. and Bangale, P. and Barceló, M. and Barrio, J.A. and Becerra González, J. and Bednarek, W. and et al.},
  year={2016},
  month={1},
  pages={76–94},
  eprint={1409.5594},
  archivePrefix={arXiv},
  primaryClass={astro-ph.IM},
}


@software{zeroMQ,
  url={https://zeromq.org},
  author={Hientjen, Pieter and Sustrik, Martin and others},
}

@article{3fhl,
  title={3FHL: The Third Catalog of Hard Fermi-LAT Sources},
  volume={232},
  DOI={10.3847/1538-4365/aa8221},
  number={2},
  journal={The Astrophysical Journal Supplement Series},
  publisher={American Astronomical Society},
  author={Ajello, M. and Atwood, W. B. and Baldini, L. and Ballet, J. and Barbiellini, G. and Bastieri, D. and Bellazzini, R. and Bissaldi, E. and Blandford, R. D. and Bloom, E. D. and et al.},
  year={2017},
  month={9},
}

@misc{4fgl,
    title={Fermi Large Area Telescope Fourth Source Catalog},
    author={Abdollahi, S and Acero, F and Ackermann, M and others},
    usera={Fermi-LAT},
    year={2019},
    eprint={1902.10045},
    archivePrefix={arXiv},
    primaryClass={astro-ph.HE}
}

@article{ligo-bbm,
  title={Observation of Gravitational Waves from a Binary Black Hole Merger},
  volume={116},
  ISSN={1079-7114},
  DOI={10.1103/physrevlett.116.061102},
  number={6},
  journal={Physical Review Letters},
  publisher={American Physical Society},
  author={Abbott, B. P. and Abbott, R. and Abbott, T. D. and Abernathy, M. R. and Acernese, F. and Ackley, K. and Adams, C. and Adams, T. and Addesso, P. and Adhikari, R. X. and et al.},
  year={2016},
  month={2},
}

@article{ligo-grb,
  title={GW170817: observation of gravitational waves from a binary neutron star inspiral},
  author={Abbott, Benjamin P and Abbott, Rich and Abbott, TD and Acernese, Fausto and Ackley, Kendall and Adams, Carl and Adams, Thomas and Addesso, Paolo and Adhikari, RX and Adya, VB and others},
  journal={Physical Review Letters},
  volume={119},
  number={16},
  pages={161101},
  year={2017},
  publisher={APS},
}

@inproceedings{fromblazars,
  author={Tavecchio, Fabrizio},
  title={Gamma Rays From Blazars},
  booktitle = {Proceedings, 6th International Symposium on High-Energy Gamma-Ray Astronomy},
  number = 1,
  volume = 1792,
  year = 2016,
  journal = "AIP Conference Proceedings",
  pages={020007},
  doi={10.1063/1.4968892},
}

@article{txs,
  author = {Aartsen, Mark and Ackermann, Markus and others},
  usera={IceCube, Fermi-LAT, MAGIC, AGILE, ASAS-SN, HAWC, {H.E.S.S.}, INTEGRAL, Kanata, Kiso, Kapteyn, {Liverpool Telescope}, Subaru, {Swift/NuSTAR}, {VERITAS} and {VLA/17B-403}},
  title = {Multimessenger observations of a flaring blazar coincident with high-energy neutrino IceCube-170922A},
  volume = {361},
  number = {6398},
  year = {2018},
  doi = {10.1126/science.aat1378},
  publisher = {American Association for the Advancement of Science},
  journal = {Science},
  eprint={1807.08816},
  archivePrefix={arXiv},
  primaryClass={astro-ph.HE},
}



@article{txs-historic,
  author = {Aartsen, Mark and Ackermann, Markus and Adams, Jenni and others},
  usera = {IceCube},
  title = {Neutrino emission from the direction of the blazar TXS 0506+056 prior to the IceCube-170922A alert},
  volume = {361},
  number = {6398},
  pages = {147--151},
  year = {2018},
  doi = {10.1126/science.aat2890},
  publisher = {American Association for the Advancement of Science},
  journal = {Science}
}

@article{gamma-astrophysics-2018,
  title={Gamma-ray Astrophysics},
  volume={133},
  doi={10.1140/epjp/i2018-12181-0},
  number={8},
  journal={The European Physical Journal Plus},
  publisher={Springer Science and Business Media LLC},
  author={De Angelis, A. and Mallamaci, M.},
  year={2018},
  month={08}
}

@INPROCEEDINGS{tevcat,
  author = {{Wakely}, S.~P. and {Horan}, D.},
  title = {TeVCat: An online catalog for Very High Energy Gamma-Ray Astronomy},
  booktitle = {Proceedings, 30th International Cosmic Ray Conference},
  location={Mexico City},
  year = {2008},
  volume = {3},
  pages = {1341-1344},
  url = {http://tevcat.uchicago.edu/},
  urldate = {2019-12-06},
}

@article{hess-p1,
  title={The status of the HESS project},
  volume={48},
  DOI={10.1016/j.newar.2003.12.004},
  number={5-6},
  journal={New Astronomy Reviews},
  publisher={Elsevier BV},
  author={Hinton, J.A},
  usera={H.E.S.S.},
  year={2004},
  month={4},
  pages={331--337},
  eprint={astro-ph/0403052},
  archivePrefix={arXiv},
  primaryClass={astro-ph},
}

@inproceedings{hess-p2,
  author = {{de Naurois}, Mathieu},
  usera={H.E.S.S.},
  title = {H.E.S.S.-II - Gamma ray astronomy from 20 GeV to hundreds of TeV\'{}s},
  DOI= "10.1051/epjconf/201713603001",
  journal = {EPJ Web Conf.},
  booktitle={Proceedings, 6th Roma International Conference on Astoparticle Physics},
  year = 2017,
  volume = 136,
  pages = "03001",
}

@article{hps,
  title={The H.E.S.S. Galactic plane survey},
  volume={612},
  DOI={10.1051/0004-6361/201732098},
  journal={Astronomy \& Astrophysics},
  publisher={EDP Sciences},
  author={Abdalla, H. and Abramowski, A. and Aharonian, F. and Benkhali, F. Ait and Angüner, E. O. and Arakawa, M. and Arrieta, M. and Aubert, P. and Backes, M. and et al.},
  year={2018},
  month={4},
  pages={A1}
}

@article{magic-grb,
  title={Teraelectronvolt emission from the $\gamma$-ray burst GRB 190114C},
  usera={MAGIC},
  author={Acciari, Victor A and Ansoldi, S and Antonelli, LA and others},
  journal={Nature},
  volume={575},
  pages={455},
  year={2019},
}

@online{magic-grb-atel,
  author={Mirzoyan, Razmik},
  usera={MAGIC},
  title={First time detection of a GRB at sub-TeV energies; MAGIC detects the GRB 190114C},
  date={2019-01-15},
  number={ATel 12390},
  url={http://www.astronomerstelegram.org/?read=12390},
}

@inproceedings{veritas,
    title={VERITAS: Status and Highlights},
    author={J. Holder and others},
    booktitle={Proceedings, 32nd International Cosmic Ray Conference},
    usera={VERITAS},
    year={2011},
    location={Beijing, China},
    eprint={1111.1225},
    archivePrefix={arXiv},
    primaryClass={astro-ph.HE},
    doi={10.7529/ICRC2011/V12/H11},
    note={The DOI for this reference is currently broken},
}

@article{agile,
  title={Scientific goals and instrument performance of the gamma-ray imaging detector AGILE},
  author={Pittori, Carlotta and Tavani, Marco and others},
  usera={AGILE},
  journal={Nuclear Physics B-Proceedings Supplements},
  volume={134},
  pages={72--74},
  year={2004},
  publisher={Elsevier},
  doi={10.1016/j.nuclphysbps.2004.08.010},
}


@book{app-angelis,
  title={Introduction to particle and astroparticle physics},
  subtitle={Multimessenger astronomy and its particle physics foundations},
  author={De Angelis, Alessandro and Pimenta, M{\'a}rio},
  year={2018},
  publisher={Springer}
}


@online{hubble-m87,
  title={Black Hole-Powered Jet of Electrons and Sub-Atomic Particles Streams From Center of Galaxy M87},
  author={{NASA} and {Space Telescope Science Institute}},
  url={https://hubblesite.org/contents/media/images/2000/20/968-Image.html},
  urldate={2019-12-11},
  year={2000},
}

@article{mrk501-variability,
  title={Variable Very High Energy γ‐Ray Emission from Markarian 501},
  volume={669},
  DOI={10.1086/521382},
  number={2},
  journal={The Astrophysical Journal},
  publisher={IOP Publishing},
  author={Albert, J. and Aliu, E. and Anderhub, H. and Antoranz, P. and Armada, A. and Baixeras, C. and Barrio, J. A. and Bartko, H. and Bastieri, D. and Becker, J. K. and others},
  usera={MAGIC},
  year={2007},
  month={11},
  pages={862–883}
}

@book{science-cta,
  title={Science with the Cherenkov Telescope Array},
  author={Acharya, B. S. and others},
  usera={CTA},
  publisher={World Scientific},
  year={2017}
}

@inproceedings{ctr,
  author = {Ruhe, Tim and Elsässer, Dominik and Rhode, Wolfgang and Nöthe, Maximilian and Brügge, Kai Arno},
  title = {Cherenkov Telescope Ring - An Idea for World Wide Monitoring of the VHE Sky},
  DOI= "10.1051/epjconf/201920703002",
  journal = {EPJ Web Conf.},
  year = 2019,
  volume = 207,
  pages = "03002",
  booktitle={Proceedings, Very Large Volume Neutrino Telescopes 2018},
}

@online{lst-crab,
  url={https://www.cta-observatory.org/lst1-detects-first-gamma-ray-signal},
  title={The LST-1 Detects its First Gamma-Ray Signal},
  author={{CTA Consortium}},
  urldate={2019-12-11},
  year={2019}
}

@online{cta-status,
  url={https://www.cta-observatory.org/project/status},
  title={Current progress toward construction and the first telescopes on site},
  date={2019},
  urldate={2019-11-12},
  author={{CTA Consortium}},
}

@ARTICLE{sn1054,
  author = {{Pankenier}, David W.},
  title = {Notes on translations of the East Asian records relating to the supernova of AD 1054},
  journal = {Journal of Astronomical History and Heritage},
  year = 2006,
  month = 6,
  volume = {9},
  number = {1},
  pages = {77--82},
  url={https://ui.adsabs.harvard.edu/abs/2006JAHH....9...77P/abstract},
}
@online{crab-mwl,
  author={{NASA, ESA, G.~Dubner et al., A. Loll~et al., T.~Temim et al., F.~Seward et al., VLA/NRAO/AUI/NSF,  Chandra/CXC, Spitzer/JPL-Caltech, XMM-Newton/ESA and Hubble/STScI}},
  url={https://hubblesite.org/image/4027/gallery},
  title={Multiwavelength Crab Nebula},
  urldate={2019-11-12},
  year={2017},
}

@article{meyer-crab,
  author = {{Meyer, M.} and {Horns, D.} and {Zechlin, H.-S.}},
  title = {The Crab Nebula as a standard candle in very high-energy astrophysics},
  DOI= "10.1051/0004-6361/201014108",
  journal = {Astronomy \& Astrophysics},
  year = 2010,
  month = 11,
  volume = 523,
  pages = "A2",
}

@article{funk-gamma,
  title={Ground- and Space-Based Gamma-Ray Astronomy},
  volume={65},
  doi={10.1146/annurev-nucl-102014-022036},
  number={1},
  journal={Annual Review of Nuclear and Particle Science},
  publisher={Annual Reviews},
  author={Funk, Stefan},
  year={2015},
  month={10},
  pages={245–277},
}

@article{m87-bh,
  title={First M87 Event Horizon Telescope Results. IV. Imaging the Central Supermassive Black Hole},
  author={Akiyama, Kazunori and Alberdi, Antxon and Alef, Walter and Asada, Keiichi and Azulay, Rebecca and Baczko, Anne-Kathrin and Ball, David and Baloković, Mislav and Barrett, John and Bintley, Dan and others},
  journal={The Astrophysical Journal Letters},
  volume={875},
  number={1},
  pages={L4},
  year={2019},
  publisher={IOP Publishing},
  doi={10.3847/2041-8213/ab0e85},
}

@article{hess1912,
  title={Über Beobachtungen der durchdringenden Strahlung bei sieben Freiballonfahrten},
  author={Hess, Victor F},
  journal={Phys. Zeit},
  volume={13},
  pages={1084--1091},
  year={1912},
  url={http://inspirehep.net/record/1623161/files/HessArticle.pdf},
  note={German, English translation available at \url{https://arxiv.org/abs/1808.02927}.}
}

@book{heitler,
  title={The quantum theory of radiation},
  author={Heitler, Walter},
  year={1944},
  edition={2},
  publisher={Oxford University Press},
  url={https://archive.org/details/in.ernet.dli.2015.37198},
}

@article{neutron-star-merger,
  doi = {10.3847/2041-8213/aa91c9},
  year = 2017,
  month = 10,
  publisher = {American Astronomical Society},
  volume = {848},
  number = {2},
  pages = {L12},
  author = {Abbot, B. P. and others},
  title = {Multi-messenger Observations of a Binary Neutron Star Merger},
  journal = {The Astrophysical Journal},
}

@article{wobble,
  title={New methods of atmospheric Cherenkov imaging for gamma-ray astronomy. I. The false source method},
  author={Fomin, V. P. and Stepanian, A A and Lamb, R C and Lewis, c D A and Punch, M and Weekes, T C},
  journal={Astroparticle Physics},
  volume={2},
  number={2},
  pages={137--150},
  year={1994},
  publisher={Elsevier},
  doi={10.1016/0927-6505(94)90036-1},
}

@inproceedings{qla,
  usera={FACT},
  title={FACT -- Monitoring Blazars at Very High Energies},
  booktitle = {Proceedings, 5th International Fermi Symposium},
  author={D. Dorner and M. L. Ahnen and M. Bergmann and A. Biland and M. Balbo and T. Bretz and J. Buss and S. Einecke and J. Freiwald and C. Hempfling and D. Hildebrand and G. Hughes and W. Lustermann and K. Mannheim and K. Meier and S. Mueller and D. Neise and A. Neronov and A. -K. Overkemping and A. Paravac and F. Pauss and W. Rhode and T. Steinbring and F. Temme and J. Thaele and S. Toscano and P. Vogler and R. Walter and A. Wilbert},
  year={2015},
  eprint={1502.02582},
  archivePrefix={arXiv},
  primaryClass={astro-ph.IM}
}

@article{hawc-monitoring,
  title={Daily Monitoring of TeV Gamma-Ray Emission from Mrk 421, Mrk 501, and the Crab Nebula with HAWC},
  volume={841},
  DOI={10.3847/1538-4357/aa729e},
  number={2},
  journal={The Astrophysical Journal},
  publisher={American Astronomical Society},
  author={Abeysekara, A. U. and Albert, A. and Alfaro, R. and Alvarez, C. and Álvarez, J. D. and Arceo, R. and Arteaga-Velázquez, J. C. and Rojas, D. Avila and Solares, H. A. Ayala and Barber, A. S. and et al.},
  year={2017},
  month={5},
  pages={100},
}


@inproceedings{ceres,
  title={MARS-CheObs goes Monte Carlo},
  author={Bretz, Thomas and Dorner, Daniela},
  booktitle={Proceedings, 31th International Cosmic Ray Conference},
  location={Łódź, Poland},
  pages={1259},
  year={2009},
}

@online{fact-svn,
  author={{FACT Collaboration}},
  title={Subversion Repository},
  url={https://trac.fact-project.org/browser/trunk},
  year={2019},
}

@techreport{egs4,
  title={History, overview and recent improvements of EGS4},
  author={Bielajew, A F and Hirayama, H and Nelson, W R and Rogers, D W O},
  year={1994},
  institution={SLAC},
  number={SLAC-PUB-6499},
}

@article{extrasolar-neutrinos,
  title={Evidence for High-Energy Extraterrestrial Neutrinos at the IceCube Detector},
  volume={342},
  usera={IceCube},
  author={Aartsen, M. G. and others},
  issue={6161},
  number={1242856},
  DOI={10.1126/science.1242856},
  journal={Science},
  publisher={American Association for the Advancement of Science},
  year={2013},
  month={11},
  eprint={1311.5238},
  archivePrefix={arXiv},
  primaryClass={astro-ph.HE},
}


@article{icecube,
  title={First year performance of the IceCube neutrino telescope},
  author={Achterberg, A. and Ackermann, M. and Adams, J. and Ahrens, J. and Andeen, K. and Atlee, D.W. and Baccus, J. and Bahcall, J.N. and Bai, X. and Baret, B. and et al.},
  volume={26},
  doi={10.1016/j.astropartphys.2006.06.007},
  number={3},
  journal={Astroparticle Physics},
  year={2006},
  month={10},
  pages={155–173},
  eprint={astro-ph/0604450},
  archivePrefix={arXiv},
  primaryClass={astro-ph}
}


@article{epos-lhc,
  title={EPOS LHC: Test of collective hadronization with data measured at the CERN Large Hadron Collider},
  volume={92},
  doi={10.1103/physrevc.92.034906},
  number={3},
  journal={Physical Review C},
  publisher={American Physical Society},
  author={Pierog, T. and Karpenko, Iu. and Katzy, J. M. and Yatsenko, E. and Werner, K.},
  year={2015},
  month={9},
  eprint={1306.0121},
  archivePrefix={arXiv},
  primaryClass={hep-ph}
}

@article{cross-talk,
  title={After-pulsing and cross-talk in multi-pixel photon counters},
  author={Du, Y. and Retiere, F.},
  journal={Nuclear Instruments and Methods in Physics Research Section A: Accelerators, Spectrometers, Detectors and Associated Equipment},
  volume={596},
  number={3},
  pages={396--401},
  year={2008},
  publisher={Elsevier},
  doi={10.1016/j.nima.2008.08.130},
}

@thesis{master-bulinski,
  title={OBASS – Observed Background and Artifical Signal Superposition},
  subtitle={Entwicklung und Evaluation einer Methode zur Verbesserung
der Simulation für FACT mittels Superposition von
gemessenem Nachthimmel und simulierten Luftschauern.},
  author={Bulinski, Michael},
  institution={TU Dortmund},
  date={2018-09-30},
  type={Master's thesis},
  language={German},
  langid={ngerman},
}


@phdthesis{phd-buss,
  author={Buß, Jens Björn},
  title={FACT in the Bright Light of the Moon},
  subtitle={Extending Observations with IACTs to Full Moon Nights by using SiPMs},
  year={2020},
  note={Unpublished work at time of writing},
  institution={TU Dortmund},
}

@manual{jar,
  url={https://docs.oracle.com/javase/8/docs/technotes/guides/jar/jar.html},
  author={Oracle},
  title={Jar File Specification},
  urldate={2020-01-13},
}

@book{expl-suppl,
  title={Explanatory supplement to the astronomical almanac},
  author={Urban, Sean E. and Seidelmann, P. Kenneth},
  year={2012},
  publisher={University Science Books},
  edition={3},
}

@online{icrf3,
  title={The ICRF},
  url={http://hpiers.obspm.fr/icrs-pc/newwww/icrf/index.php},
  author={{International Earth Rotation and Reference Systems Service}},
}

@inproceedings{cta-performance,
  title={Performance of the Cherenkov Telescope Array},
  usera={CTA},
  DOI={10.22323/1.301.0846},
  booktitle={Proceedings, 35th International Cosmic Ray Conference},
  publisher={Sissa Medialab},
  author={Maier, Gernot and Arrabito, Luisa and Bernlöhr, Konrad and Bregeon, Johan and Cumani, Paolo and Hassan, Tarek and Moralejo, Abelardo and Bernlöhr, Konrad},
  year={2017},
  number={846},
  month={8},
}

@misc{iact-limits,
  title={Performance Limits for Cherenkov Instruments},
  author={Hofmann, Werner},
  year={2006},
  eprint={astro-ph/0603076},
  archivePrefix={arXiv},
  primaryClass={astro-ph}
}

@online{coord-approx,
  url={https://www.cv.nrao.edu/~rfisher/Ephemerides/earth_rot.html},
  title={Earth Rotation and Equatorial Coordinates},
  year={2010},
  author={Fisher, Rick},
  urldate={2017-11-29},
}

@article{astropy,
  title={The Astropy Project: Building an Open-science Project and Status of the v2.0 Core Package},
  volume={156},
  DOI={10.3847/1538-3881/aabc4f},
  number={3},
  journal={The Astronomical Journal},
  publisher={American Astronomical Society},
  author={Price-Whelan, A. M. and Sipőcz, B. M. and Günther, H. M. and Lim, P. L. and Crawford, S. M. and Conseil, S. and Shupe, D. L. and Craig, M. W. and Dencheva, N. and Nöthe, M. et al.},
  usera={Astropy},
  year={2018},
  month={8},
  pages={123}
}

@phdthesis{phd-bruegge,
  title={Unmasking The Gamma-Ray Sky},
  subtitle={Comprehensive and Reproducible Analysis for Cherenkov Telescopes},
  institution={TU Dortmund},
  doi={10.17877/DE290R-20440},
  year={2019},
  author={Brügge, Kai Arno},
}


@online{sst-harmonization,
  author={Wild, Wolfgang},
  date={2019-10},
  title={Small-Sized Telescope Harmonization Process and Status},
  url={https://www.cta-observatory.org/small-sized-telescope-harmonization-process-and-status},
  urldate={2020-01-18},
}

@software{custos,
  title={custos},
  subtitle={A framework to monitor complex systems and send alerts},
  author={Nöthe, Maximilian and Brügge, Kai Arno and Neise, Dominik},
  url={https://github.com/fact-project/pycustos},
  version={0.1.1},
}

@techreport{sensl,
  title={An Introduction to the Silicon Photomultiplier},
  institution={sensL},
  number={Rev. 6.0},
  date={2017-02},
}

@book{blobel,
  author={Blobel, Volker and Lohrmann, Erich},
  title={Statistische und numerische Methoden der Datenanalyse},
  year={2012},
  url={http://www.desy.de/~blobel/eBuch.pdf},
  edition={2},
}

@misc{chec-talk,
  author={White, Richard},
  usera={CHEC},
  date={2019-06-06},
  title={CHEC},
  url={https://indico.cta-observatory.org/event/1995/contributions/20205/attachments/15670/19999/d2019-06-03_RW_CHECPlenary_Lugano_v04_export.pdf},
  note={Presentation given at the CTA Consortium meeting, internal CTA document.},
}

@article{benning-burger,
  author={Benning, Martin and Burger, Martin},
  title={Modern regularization methods for inverse problems},
  volume={27},
  doi={10.1017/s0962492918000016},
  journal={Acta Numerica},
  publisher={Cambridge University Press},
  year={2018},
  month={5},
  pages={1–111}
}

@article{emcee,
  author = {{Foreman-Mackey}, Daniel and {Hogg}, David W. and {Lang}, Dustin and {Goodman}, Jonathan},
  title = {emcee: The MCMC Hammer},
  journal = {Publications of the Astronomical Society of the Pacific},
  year = 2013,
  month = 3,
  volume = {125},
  number = {925},
  doi = {10.1086/670067},
}

@article{emcee-algo,
  title={Ensemble samplers with affine invariance},
  author={Goodman, Jonathan and Weare, Jonathan},
  journal={Communications in applied mathematics and computational science},
  volume={5},
  number={1},
  pages={65--80},
  year={2010},
  publisher={Mathematical Sciences Publishers}
}

@phdthesis{phd-boerner,
  langid = {de},
  title = {{Bestimmung des Energiespektrums von atmosphärischen Myonneutrinos mit 3 Jahren Daten des IceCube-Detektors}},
  author = {Börner, Mathis},
  year = {2018},
  school = {TU Dortmund},
  doi = {10.17877/DE290R-19089},
}

@software{fact-funfolding,
  author={Nöthe, Maximilian},
  title={FACT funfolding},
  version={v0.3.4},
  url={https://github.com/fact-project/fact_funfolding},
}

@software{funfolding,
  title={funfolding},
  subtitle={Implementation of Likelihood-Based unfolding techniques and Decision-Tree based binning},
  author={Börner, Mathis and Nöthe, Maximilian and Bieker, Jacob},
  version={v0.2.1},
  url={https://github.com/tudo-astroparticlephysics/funfolding},
}

@inproceedings{ctapipe-icrc,
  title={ctapipe: A Low-level Data Processing Framework for CTA},
  author={Kosack, K and Peresano, M},
  booktitle={Proceedings, 36th International Cosmic Ray Conference (ICRC2019)},
  volume={36},
  year={2019},
  url={}
}

@software{ctapipe,
  author = {Karl Kosack and
    Jason Watson and
    Jean Jacquemier and
    Maximilian Nöthe and
    Alison Mitchell and
    Dominik Neise and
    Christoph Deil and
    Samuel Timothy Spencer and
    Raquel de los Reyes and
    Franca Cassol and
    Kai Brügge and
    Michele Mastropietro and
    Jérémie Decock and
    Wrijupan Bhattacharyya and
    francesco visconti and
    Abelardo Moralejo and
    Markus Gaug and
    Jose Enrique Ruiz and
    Thomas Gasparetto and
    Thomas Vuillaume and
    Ruben Lopez-Coto and
    Lukas Nickel and
    Orel Gueta and
    Mireia Nievas-Rosillo and
    Thomas Armstrong and
    Moritz Hütten and
    Michele Peresano and
    Konstantin Pfrang and
    Julien Lefaucheur and
    Cyril Alispach
  },
  title        = {ctapipe},
  month        = 8,
  year         = 2019,
  publisher    = {Zenodo},
  version      = {v0.7.0},
  doi          = {10.5281/zenodo.3372211},
  url          = {https://github.com/cta-observatory/ctapipe},
}

@inproceedings{chec,
  title={A Compact High Energy Camera (CHEC) for the Gamma-ray Cherenkov Telescope of the Cherenkov Telescope Array},
  doi={10.22323/1.301.0817},
  booktitle={Proceedings of 35th International Cosmic Ray Conference — PoS(ICRC2017)},
  author={Schoorlemmer, Harm and White, Richard},
  usera={CTA GCT},
  year={2017},
  month={8}
}

@inproceedings{hdf5,
  title={An overview of the HDF5 technology suite and its applications},
  author={Folk, Mike and Heber, Gerd and Koziol, Quincey and Pourmal, Elena and Robinson, Dana},
  booktitle={Proceedings, EDBT/ICDT 2011 Workshop on Array Databases},
  pages={36--47},
  year={2011}
}

@inproceedings{unfolding-bunse,
  title={Unification of deconvolution algorithms for cherenkov astronomy},
  author={Bunse, Mirko and Piatkowski, Nico and Morik, Katharina and Ruhe, Tim and Rhode, Wolfgang},
  booktitle={Proceedings, 5th International Conference on Data Science and Advanced Analytics},
  pages={21--30},
  year={2018},
  organization={IEEE},
}


@article{scipy,
   title={SciPy 1.0: fundamental algorithms for scientific computing in Python},
   DOI={10.1038/s41592-019-0686-2},
   journal={Nature Methods},
   publisher={Springer Science and Business Media LLC},
   author={Virtanen, Pauli and Gommers, Ralf and Oliphant, Travis E. and Haberland, Matt and Reddy, Tyler and Cournapeau, David and Burovski, Evgeni and Peterson, Pearu and Weckesser, Warren and others},
   year={2020},
   month={2},
}

@article{matplotlib,
  author = {Hunter, J. D.},
  title = {Matplotlib: A 2D graphics environment},
  journal = {Computing in Science \& Engineering},
  volume = {9},
  number = {3},
  pages = {90--95},
  publisher = {IEEE COMPUTER SOC},
  doi = {10.1109/MCSE.2007.55},
  year = 2007,
}

@article{numpy,
  title={The NumPy array: a structure for efficient numerical computation},
  author={Walt, St{\'e}fan van der and Colbert, S Chris and Varoquaux, Gael},
  journal={Computing in Science \& Engineering},
  volume={13},
  number={2},
  pages={22--30},
  year={2011},
  publisher={IEEE Computer Society},
}

@InProceedings{pandas,
  author    = {Wes McKinney},
  title     = {Data Structures for Statistical Computing in Python},
  booktitle = {Proceedings, 9th Python in Science Conference},
  pages     = {51--56},
  year      = {2010},
  editor    = {St\'efan van der Walt and Jarrod Millman},
}

@software{make,
  url={https://www.gnu.org/software/make},
  title={GNU Make},
  author={McGrath, Roland and Smith, Paul D and Zaretskii, Eli and Berry, Karl and others},
}

@article{veritas-star,
  title={Direct measurement of stellar angular diameters by the VERITAS Cherenkov telescopes},
  volume={3},
  DOI={10.1038/s41550-019-0741-z},
  number={6},
  journal={Nature Astronomy},
  publisher={Springer Science and Business Media LLC},
  author={Benbow, W. and Bird, R. and Brill, A. and Brose, R. and Chromey, A. J. and Daniel, M. K. and Feng, Q. and Finley, J. P. and Fortson, L. and Furniss, A. and et al.},
  year={2019},
  month={4},
  pages={511–516},
  eprint={1904.06324},
  archivePrefix={arXiv},
  primaryClass={astro-ph.SR},
}

@software{peewee,
  title={peewee – a small, expressive orm},
  author={Leifer, Charles and others},
  url={https://github.com/coleifer/peewee},
  version={3},
}
